@book{Dietmar99,
  author = {Salamon, Dietmar},
  date   = {1999},
  note   = {\url{https://people.math.ethz.ch/~salamon/PREPRINTS/witsei.pdf}},
  title  = {Spin Geometry and Seiberg-Witten Invariants},
}

