@book{Dietmar99,
  author = {Salamon, Dietmar},
  date   = {1999},
  note   = {\url{https://people.math.ethz.ch/~salamon/PREPRINTS/witsei.pdf}},
  title  = {Spin Geometry and Seiberg-Witten Invariants},
}

@article{Mandelbaum1980,
  author = "Mandelbaum, Richard",
  fjournal = "Bulletin (New Series) of the American Mathematical Society",
  journal = "Bull. Amer. Math. Soc. (N.S.)",
  month = "01",
  number = "1",
  pages = "1--159",
  publisher = "American Mathematical Society",
  title = "Four-dimensional topology: an introduction",
  url = "https://projecteuclid.org:443/euclid.bams/1183545202",
  volume = "2",
  year = "1980"
}

@misc{Calegari,
  author = "Calegari, Danny",
  title = "Notes on 4-manifolds",
  note = {\url{https://math.uchicago.edu/~dannyc/courses/4manifolds_2018/4_manifolds_notes.pdf}}
}

@misc{Rudyak,
  author = "Rudyak, Yuli",
  title = "Piecewise Linear Structures on Topological Manifolds",
  note = {\url{https://hopf.math.purdue.edu/Rudyak/PLstructures.pdf}}
}


@misc{Matthew,
  author = "Matthew, Akhil",
  title = "The Dirac Operator",
  note = {\url{https://math.uchicago.edu/~amathew/dirac.pdf}}
}

@misc{Weston,
  author = "Weston, Tom",
  title = "An Introduction to Cobordism Theory",
  note = {\url{https://people.math.umass.edu/~weston/oldpapers/cobord.pdf}}
}

