@book{humphreys_2008, place={Providence}, title={Representations of semisimple Lie algebras in the BGG category O}, publisher={American Mathematical Society}, author={Humphreys, James E.}, year={2008}}
