@book{weibel_2011,
  author    = {Weibel, Charles A.},
  publisher = {Cambridge University Press},
  date      = {2011},
  series    = {Cambridge Studies in Advanced Mathematics},
  title     = {An introduction to homological algebra},
}

