@misc{milneLEC,
  author = {Milne, James S.},
  date   = {2013},
  note   = {Available at www.jmilne.org/math/},
  pages  = {202},
  title  = {Lectures on Etale Cohomology (v2.21)},
}

@book{milne_2017,
  author    = {Milne, James S.},
  publisher = {Princeton University Press},
  date      = {2017},
  title     = {Etale cohomology},
}

@book{freitag_kiehl_2013,
  author    = {Freitag, Eberhard and Kiehl, Reinhardt},
  publisher = {Springer},
  date      = {2013},
  title     = {Etale cohomology and the Weil conjecture},
}

@misc{katz,
  author    = {Katz, Nicholas M.},
  publisher = {https://web.math.princeton.edu/~nmk/arizona34.pdf},
  title     = {L-functions and monodromy: four lectures on Weil II},
}

