@article{silverman_2009, title={The Arithmetic of Elliptic Curves}, DOI={10.1007/978-0-387-09494-6}, journal={Graduate Texts in Mathematics}, author={Silverman, Joseph H.}, year={2009}}
