@book{hatcher_2019, place={Cambridge}, title={Algebraic topology}, publisher={Cambridge University Press}, author={Hatcher, Allen}, year={2019}}
