@book{stanley_2012, place={Cambridge}, title={Enumerative combinatorics}, publisher={Cambridge University Press}, author={Stanley, Richard P.}, year={2012}}
