@book{AndreasGathmann515,
  title = {Algebraic Geometry},
  author = {Gathmann, Andreas},
  date = {0100-12},
  volume = {1},
  author_sort = {Gathmann, Andreas},
  calibreid = {515},
  cover = {/home/zack/Dropbox/Library/Andreas Gathmann/Algebraic Geometry (515)/cover.jpg},
  file = {/home/zack/Dropbox/Library/Andreas Gathmann/Algebraic Geometry (515)/Algebraic Geometry - Andreas Gathmann.pdf},
  formats = {pdf},
  languages = {eng},
  library_name = {Library},
  size = {1597613 octets},
  tags = {textbook, algebraic geometry},
  timestamp = {2019-02-06},
  title_sort = {Algebraic Geometry},
  uuid = {8fe52cee-c78d-49bb-a68d-bf36c2f6641b}
}
