@book{AndreasGathmann515,
  title = {Algebraic Geometry},
  author = {Gathmann, Andreas},
  year = {2019},
  note = "\url{https://www.mathematik.uni-kl.de/~gathmann/class/alggeom-2019/alggeom-2019.pdf}",
}
