@book{stichtenoth_2009,
  author    = {Stichtenoth, H.},
  publisher = {Springer},
  date      = {2009},
  title     = {Algebraic function fields and codes},
}

