@book{hartshorne_2010, place={New York}, title={Algebraic geometry}, publisher={Springer}, author={Hartshorne, Robin}, year={2010}}
