@book{stein_shakarchi_2005, place={Princeton, NJ}, title={Real analysis: measure theory, integration, and Hilbert spaces}, publisher={Princeton University Press}, author={Stein, Elias M. and Shakarchi, Rami}, year={2005}}
