@book{AndreasGathmann515,
  title = {Algebraic Geometry},
  author = {Gathmann, Andreas},
  year = {2019} 
}
