@book{humphreys_2004, place={New York}, title={Linear algebraic groups}, publisher={Springer}, author={Humphreys, James E.}, year={2004}}

@book{carter_1985, title={Finite Groups of Lie Type}, publisher={John Wiley \& Sons}, author={Carter, Roger William.}, year={1985}}



