@book{humphreys_2004,
  author    = {Humphreys, James E.},
  publisher = {Springer},
  date      = {2004},
  title     = {Linear algebraic groups},
}

@book{carter_1985,
  author    = {Carter, Roger William.},
  publisher = {John Wiley \& Sons},
  date      = {1985},
  title     = {Finite Groups of Lie Type},
}

