@misc{milneLEC,
author={Milne, James S.},
title={Lectures on Etale Cohomology (v2.21)},
year={2013},
note={Available at www.jmilne.org/math/},
pages={202}
}

@book{milne_2017, place={Princeton (N.J.)}, title={Etale cohomology}, publisher={Princeton University Press}, author={Milne, James S.}, year={2017}}

@book{freitag_kiehl_2013, place={Berlin}, title={Etale cohomology and the Weil conjecture}, publisher={Springer}, author={Freitag, Eberhard and Kiehl, Reinhardt}, year={2013}}

@misc{katz, place={https://web.math.princeton.edu/~nmk/arizona34.pdf}, title={L-functions and monodromy: four lectures on Weil II}, publisher={https://web.math.princeton.edu/~nmk/arizona34.pdf}, author={Katz, Nicholas M.}}
